@book{taoism,
place={Philadelphia, PA},
title={Religions of the World: Taoism},
publisher={Chelsea House},
author={Hu, Hslao-Lan and Allen, William Cully},
note={p. 1:84},
year={2005}}

@book{tao,
place={Boston, MA},
note={p. 1:200},
title={Tao Teh Ching},
publisher={Shambhala},
author={Laozi and Wu, Jingxiong},
year={2006}}

@book{chaung,
note={p},
place={London},
title={The book of Chuang Tzu},
publisher={Penguin},
author={Zhuangzi and Palmer, Martin J.},
year={2006}}
