@book{Ethics,
	Author = {Michael J. Quinn},
	Title = {Ethics for the Information Age. 6th Edition},
	Publisher = {Boston: Pearson/Addison-Wesley},
	Year = {2013}
}
