@online{acm,
    url={https://www.acm.org/about-acm/acm-code-of-ethics-and-professional-conduct},
    author={ACM Council},
    title={ACM Code of Ethics},
    year={1992}
}

@book{ethics,
	Author = {Michael J. Quinn},
	Title = {Ethics for the Information Age. 6th Edition},
	Publisher = {Boston: Pearson/Addison-Wesley},
	Year = {2013}
}
