@misc {mmethics,
    author = {MMEthics},
    title = {The Ethics of Microtransactions},
    month = {April},
    year = {2013},
    howpublished = "\url{https://mmethics.wordpress.com/2013/04/19/the-ethics-of-microtransactions}",
}

@misc {mexcuse,
    author = {Timothy Biggar},
    title = {We're tired of the excuse that micro-transactions are for the gamer},
    month = {October},
    year = {2015},
    howpublished = "\url{http://attackofthefanboy.com/opinion/were-tired-of-the-excuse-that-micro-transactions-are-for-the-gamer}"
}

@misc {whales,
    author = {Eira A. Ekre},
    title = {The Whales of Microtransactions, and the Elephant in the Room},
    month = {November},
    year = {2015},
    howpublished = "\url{https://modelviewculture.com/pieces/the-whales-of-microtransactions-and-the-elephant-in-the-room}"
}

@misc {line,
    author = {The Artifice},
    title = {The Ethics Behind Downloadable Content in Videogames. When Should We Draw the Line on Excessive Pricing?},
    month = {January},
    year = {2016},
    howpublished = "\url{http://the-artifice.com/the-ethics-behind-downloadable-content-in-videogames-when-should-we-draw-the-line-on-excessive-pricing}"
}

@misc {train,
    author = {Steam},
    title = {Train Simulator 2016},
    month = {September},
    year = {2015},
    howpublished = "\url{http://store.steampowered.com/app/24010/?snr=1_7_15__13}"
}

@book{Ethics,
	Author = {Michael J. Quinn},
	Title = {Ethics for the Information Age. 6th Edition},
	Publisher = {Boston: Pearson/Addison-Wesley},
	Year = {2013}
}
