@book{Ethics,
	Author = {Michael J. Quinn},
	Title = {Ethics for the Information Age. 6th Edition},
	Publisher = {Boston: Pearson/Addison-Wesley},
	Year = {2013}
}

@misc{wiki,
    howpublished="\url{https://en.wikipedia.org/wiki/Catfish:_The_TV_Show}",
    title={Catfish: The TV Show Wikipedia},
    year={2016},
}

@misc{ctfs,
    howpublished="\url{http://www.mtv.com/shows/catfish-the-tv-show}",
    title={Catfish: The TV Show},
    author={Nev Schulman and Max Joseph},
    year={2016}
}
