@online{equilibria,
    author = {Eugene M. Izhikevich},
    title = {Equilibrium},
    year = {2007},
    url = {http://www.scholarpedia.org/article/Equilibrium#Three-Dimensional_Space}
}

@online{bifur_wf,
    author = {Housam Binous},
    title = {Bifurcation Diagram for the RÃ¶ssler Attractor},
    url = {http://demonstrations.wolfram.com/BifurcationDiagramForTheRoesslerAttractor/}
}

@online{rossler_wf,
    author = {Daniel de Souza Carvalho and Eric W. Weisstein},
    title = {The Rossler Attractor},
    url = {http://demonstrations.wolfram.com/TheRosslerAttractor/}
}

@online{rossler_bifur,
    url = {http://www.scholarpedia.org/article/Rossler_attractor#Bifurcation_diagram},
    author = {Christophe Letellier and Otto E. Rossler},
    year = {2007},
    title = {Rossler Attractor}
}
